@misc{pandalyzer,
    author = {Hrubian},
    title = {Pandalyzer},
    howpublished = {\url{https://github.com/Hrubian/Pandalyzer}},
    year = {2024}
}

@Manual{tibble,
    title = {tibble: Simple Data Frames},
    author = {Kirill Müller and Hadley Wickham},
    year = {2023},
    note = {https://tibble.tidyverse.org/,
https://github.com/tidyverse/tibble},
}

@online{kotlinDocs,
    author = {JetBrains},
    title = {Kotlin Documentation},
    year = {2024},
    url = {https://kotlinlang.org/docs/home.html},
    note = {Accessed on April 28, 2024},
}

@software{pandas_docs,
    author = {The pandas development team},
    title = {pandas-dev/pandas: Pandas},
    month = feb,
    year = 2020,
    publisher = {Zenodo},
    version = {latest},
    doi = {10.5281/zenodo.3509134},
    url = {[5](https://doi.org/10.5281/zenodo.3509134)}
}

@misc{language_server_protocol,
    author       = {Microsoft Corporation},
    title        = {Language Server Protocol},
    year         = {2016},
    howpublished = {\url{https://microsoft.github.io/language-server-protocol/}},
    note         = {Accessed: 2024-07-03}
}

@misc{pandas_statistics_2020,
    author       = {Pandas Development Team},
    title        = {Calculate Statistics — pandas 1.0.0 documentation},
    year         = {2020},
    url          = {https://pandas.pydata.org/pandas-docs/version/1.0/getting_started/intro_tutorials/06_calculate_statistics.html},
    note         = {Accessed: 2024-07-07}
}

@article{Blanchet:2002:AI,
    author    = {Bruno Blanchet},
    title     = {Introduction to Abstract Interpretation},
    journal   = {Inria},
    year      = {2002},
    url       = {https://bblanche.gitlabpages.inria.fr/absint.pdf}
}

@inproceedings{vakar2021causality,
    author    = {Maroš Vákár and
               Robbert Krebbers and
               Jeroen Ketema},
    editor    = {Juliana Franco},
    title     = {Causality and Resource-Awareness in a Functional-Imperative Language},
    booktitle = {35th European Conference on Object-Oriented Programming (ECOOP 2021)},
    series    = {Leibniz International Proceedings in Informatics (LIPIcs)},
    volume    = {194},
    pages     = {6:1--6:28},
    publisher = {Schloss Dagstuhl -- Leibniz-Zentrum f{\"u}r Informatik},
    address   = {Dagstuhl, Germany},
    year      = {2021},
    url       = {https://drops.dagstuhl.de/opus/volltexte/2021/14011/},
    doi       = {10.4230/LIPIcs.ECOOP.2021.6},
    note      = {Accessed: 2024-07-07}
}

@article{Zhuang:2022:TypeChecking,
    author    = {Yungyu Zhuang and Ming-Yang Lu},
    title     = {Enabling Type Checking on Columns in Data Frame Libraries by Abstract Interpretation},
    journal   = {IEEE Access},
    volume    = {10},
    pages     = {14418--14428},
    year      = {2022},
    doi       = {10.1109/ACCESS.2022.3146287},
    url       = {https://ieeexplore.ieee.org/abstract/document/9691374}
}
